<record><leader>00000cas a22000007a 4500</leader><controlfield tag="001">13046919</controlfield><controlfield tag="008">860122d18801988inuwr ne      0    0eng d</controlfield><datafield ind1=" " ind2=" " tag="010"><subfield code="a">sn 86058017 </subfield></datafield><datafield ind1=" " ind2=" " tag="040"><subfield code="a">NPI</subfield><subfield code="b">eng</subfield><subfield code="c">NPI</subfield><subfield code="d">OCLCQ</subfield></datafield><datafield ind1=" " ind2=" " tag="042"><subfield code="a">msc</subfield></datafield><datafield ind1="0" ind2="4" tag="245"><subfield code="a">The Sullivan union.</subfield></datafield><datafield ind1=" " ind2=" " tag="260"><subfield code="a">Sullivan, Ind. :</subfield><subfield code="b">James A. Hays,</subfield><subfield code="c">1880-1988.</subfield></datafield><datafield ind1=" " ind2=" " tag="300"><subfield code="a">109 v.</subfield></datafield><datafield ind1=" " ind2=" " tag="310"><subfield code="a">Weekly</subfield></datafield><datafield ind1="0" ind2=" " tag="362"><subfield code="a">Vol. 14, no. 23 (Jan. 7, 1880)-Oct. 25, 1988.</subfield></datafield><datafield ind1=" " ind2=" " tag="515"><subfield code="a">Issues for Jan. 7, 1880-June 2, 1920 called also no. 713-no. 2813.</subfield></datafield><datafield ind1=" " ind2=" " tag="752"><subfield code="a">United States</subfield><subfield code="b">Indiana</subfield><subfield code="c">Sullivan</subfield><subfield code="d">Sullivan.</subfield></datafield><datafield ind1="0" ind2="0" tag="780"><subfield code="t">Sullivan County union</subfield><subfield code="w">(DLC)sn 84038180</subfield></datafield><datafield ind1="0" ind2="5" tag="780"><subfield code="t">Carlisle news</subfield><subfield code="w">(DLC)sn 86059062</subfield></datafield></record>